@Article{albert2016,
  title={Computationally Efficient Implementation of a Novel Algorithm for the General Unified Threshold Model of Survival ({GUTS})},
  author={Albert, Carlo and Vogel, S{\"o}ren and Ashauer, Roman},
  journal                  = {PLoS Computational Biology},
  year                     = {2016},
  number                   = {6},
  pages                    = {e1004978},
  volume                   = {12},
  Publisher                = {Public Library of Science}
}


@article{delignette2014,
  title={Statistical Handling of Reproduction Data for Exposure-Response Modeling},
  author={Delignette-Muller, Marie Laure and Lopes, Christelle and Veber, Philippe and Charles, Sandrine},
  journal={Environmental Science \& Technology},
  volume={48},
  number={13},
  pages={7544--7551},
  year={2014},
  publisher={American Chemical Society}
}

@article{delignette2017,
  title={Robust Fit of Toxicokinetic--Toxicodynamic Models Using Prior Knowledge Contained in the Design of Survival Toxicity Tests},
  author={Delignette-Muller, Marie Laure and Ruiz, Philippe and Veber, Philippe},
  journal={Environmental Science \& Technology},
  volume={51},
  number={7},
  pages={4038--4045},
  year={2017},
  publisher={ACS Publications}
}


@article{jager2011,
  title={General unified threshold model of survival - a toxicokinetic-toxicodynamic framework for ecotoxicology},
  author={Jager, Tjalling and Albert, Carlo and Preuss, Thomas G and Ashauer, Roman},
  journal={Environmental Science \& Technology},
  volume={45},
  number={7},
  pages={2529--2540},
  year={2011},
  publisher={ACS Publications}
}

@article{nyman2012,
  title={Toxicokinetic-toxicodynamic modelling of survival of \emph{Gammarus pulex} in multiple pulse exposures to propiconazole: model assumptions, calibration data requirements and predictive power},
  author={Nyman, Anna-Maija and Schirmer, Kristin and Ashauer, Roman},
  journal={Ecotoxicology},
  volume={21},
  number={7},
  pages={1828--1840},
  year={2012},
  publisher={Springer}
}

@Manual{rjags2016,
    title = {rjags: Bayesian Graphical Models using MCMC},
    author = {Martyn Plummer},
    year = {2016},
    note = {R package version 4-6},
    url = {https://CRAN.R-project.org/package=rjags},
  }

@TechReport{OECD2012,
  author = 	 {OECD},
  title = 	 {Guidelines for testing of chemicals n.211. \textit{Daphnia magna} reproduction test},
  institution =  {Organisation for Economic Cooperation and Development},
  year = 	 {2012},
}

@TechReport{OECD2004,
  author = 	 {OECD},
  title = 	 {Guidelines for testing of chemicals n.220. \textit{Enchytraeid} reproduction test},
  institution =  {Organisation for Economic Cooperation and Development},
  year = 	 {2004},
}

@TechReport{OECD2008,
  author = 	 {OECD},
  title = 	 {Guidelines for testing of chemicals n.226. {P}redatory mite (\textit{Hypoapsis (Geolaelaps) aculeifer}) reproduction test in soil},
  institution =  {Organisation for Economic Cooperation and Development},
  year = 	 {2008},
}

@Book{Jager2018GUTSbook,
  author = {Jager, Tjalling and Ashauer, Roman},
  title  = {Modelling survival under chemical stress. A comprehensive guide to the GUTS framework. Version 1.0.},
  year   = {2018},
  editor = {Leanpud},
  file   = {:JAGER_ASHAUER_2018_GUTS_book.pdf:PDF},
}
